<?xml version="1.0" encoding="utf-8"?>
<Document xmlns:xsi="http://www.w3.org/2001/XMLSchema-instance" xmlns:xsd="http://www.w3.org/2001/XMLSchema" xmlns="urn:iso:std:iso:20022:tech:xsd:pain.001.001.03">
  <CstmrCdtTrfInitn>
    <GrpHdr>
      <MsgId>Message-ID-1</MsgId>
      <CreDtTm>2019-02-27T16:07:48.0535668+02:00</CreDtTm>
      <NbOfTxs>1000</NbOfTxs>
      <InitgPty>
        <Nm>Test</Nm>
        <Id>
          <OrgId>
            <Othr>
              <Id>OrgID</Id>
              <SchmeNm>
                <Cd>CUST</Cd>
              </SchmeNm>
            </Othr>
          </OrgId>
        </Id>
      </InitgPty>
    </GrpHdr>
    <PmtInf>
      <PmtInfId>TEST333</PmtInfId>
      <PmtMtd>TRF</PmtMtd>
      <BtchBookg>false</BtchBookg>
      <NbOfTxs>1000</NbOfTxs>
      <CtrlSum>1499500</CtrlSum>
      <PmtTpInf>
        <SvcLvl>
          <Cd>URGP</Cd>
        </SvcLvl>
      </PmtTpInf>
      <ReqdExctnDt>2019-12-13</ReqdExctnDt>
      <Dbtr>
        <Nm>WF</Nm>
      </Dbtr>
      <DbtrAcct>
        <Id>
          <Othr>
            <Id>1234567891011</Id>
            <SchmeNm>
              <Cd>BBAN</Cd>
            </SchmeNm>
          </Othr>
        </Id>
        <Ccy>USD</Ccy>
      </DbtrAcct>
      <DbtrAgt>
        <FinInstnId>
          <BIC>AUDBLBBXXXX</BIC>
        </FinInstnId>
      </DbtrAgt>
      <CdtTrfTxInf>
        <PmtId>
          <InstrId>TR1REF1</InstrId>
          <EndToEndId>TR1REF1</EndToEndId>
        </PmtId>
        <Amt>
          <InstdAmt Ccy="USD">65</InstdAmt>
        </Amt>
        <CdtrAgt>
          <FinInstnId>
            <BIC>AUDBLBBXXXX</BIC>
          </FinInstnId>
        </CdtrAgt>
        <Cdtr>
          <Nm>BEN1</Nm>
        </Cdtr>
        <CdtrAcct>
          <Id>
            <Othr>
              <Id>OC_B</Id>
              <SchmeNm>
                <Cd>BBAN</Cd>
              </SchmeNm>
            </Othr>
          </Id>
        </CdtrAcct>
        <Purp>
          <Prtry>SUPP</Prtry>
        </Purp>
        <RmtInf>
          <Ustrd>REMITTANCE1</Ustrd>
        </RmtInf>
      </CdtTrfTxInf>
      <CdtTrfTxInf>
        <PmtId>
          <InstrId>TR2REF2</InstrId>
          <EndToEndId>TR2REF2</EndToEndId>
        </PmtId>
        <Amt>
          <InstdAmt Ccy="USD">50</InstdAmt>
        </Amt>
        <CdtrAgt>
          <FinInstnId>
            <BIC>AUDBLBBXXXX</BIC>
          </FinInstnId>
        </CdtrAgt>
        <Cdtr>
          <Nm>BEN2</Nm>
        </Cdtr>
        <CdtrAcct>
          <Id>
            <Othr>
              <Id>OC_B</Id>
              <SchmeNm>
                <Cd>BBAN</Cd>
              </SchmeNm>
            </Othr>
          </Id>
        </CdtrAcct>
        <Purp>
          <Prtry>SUPP</Prtry>
        </Purp>
        <RmtInf>
          <Ustrd>REMITTANCE2</Ustrd>
        </RmtInf>
      </CdtTrfTxInf>
      <CdtTrfTxInf>
        <PmtId>
          <InstrId>TR3REF3</InstrId>
          <EndToEndId>TR3REF3</EndToEndId>
        </PmtId>
        <Amt>
          <InstdAmt Ccy="USD">50</InstdAmt>
        </Amt>
        <CdtrAgt>
          <FinInstnId>
            <BIC>AUDBLBBXXXX</BIC>
          </FinInstnId>
        </CdtrAgt>
        <Cdtr>
          <Nm>BEN3</Nm>
        </Cdtr>
        <CdtrAcct>
          <Id>
            <Othr>
              <Id>OC_B</Id>
              <SchmeNm>
                <Cd>BBAN</Cd>
              </SchmeNm>
            </Othr>
          </Id>
        </CdtrAcct>
        <Purp>
          <Prtry>SUPP</Prtry>
        </Purp>
        <RmtInf>
          <Ustrd>REMITTANCE3</Ustrd>
        </RmtInf>
      </CdtTrfTxInf>
      <CdtTrfTxInf>
        <PmtId>
          <InstrId>TR4REF4</InstrId>
          <EndToEndId>TR4REF4</EndToEndId>
        </PmtId>
        <Amt>
          <InstdAmt Ccy="USD">50</InstdAmt>
        </Amt>
        <CdtrAgt>
          <FinInstnId>
            <BIC>AUDBLBBXXXX</BIC>
          </FinInstnId>
        </CdtrAgt>
        <Cdtr>
          <Nm>BEN4</Nm>
        </Cdtr>
        <CdtrAcct>
          <Id>
            <Othr>
              <Id>OC_B</Id>
              <SchmeNm>
                <Cd>BBAN</Cd>
              </SchmeNm>
            </Othr>
          </Id>
        </CdtrAcct>
        <Purp>
          <Prtry>SUPP</Prtry>
        </Purp>
        <RmtInf>
          <Ustrd>REMITTANCE4</Ustrd>
        </RmtInf>
      </CdtTrfTxInf>
      <CdtTrfTxInf>
        <PmtId>
          <InstrId>TR5REF5</InstrId>
          <EndToEndId>TR5REF5</EndToEndId>
        </PmtId>
        <Amt>
          <InstdAmt Ccy="USD">50</InstdAmt>
        </Amt>
        <CdtrAgt>
          <FinInstnId>
            <BIC>AUDBLBBXXXX</BIC>
          </FinInstnId>
        </CdtrAgt>
        <Cdtr>
          <Nm>BEN5</Nm>
        </Cdtr>
        <CdtrAcct>
          <Id>
            <Othr>
              <Id>OC_B</Id>
              <SchmeNm>
                <Cd>BBAN</Cd>
              </SchmeNm>
            </Othr>
          </Id>
        </CdtrAcct>
        <Purp>
          <Prtry>SUPP</Prtry>
        </Purp>
        <RmtInf>
          <Ustrd>REMITTANCE5</Ustrd>
        </RmtInf>
      </CdtTrfTxInf>
      <CdtTrfTxInf>
        <PmtId>
          <InstrId>TR6REF6</InstrId>
          <EndToEndId>TR6REF6</EndToEndId>
        </PmtId>
        <Amt>
          <InstdAmt Ccy="USD">50</InstdAmt>
        </Amt>
        <CdtrAgt>
          <FinInstnId>
            <BIC>AUDBLBBXXXX</BIC>
          </FinInstnId>
        </CdtrAgt>
        <Cdtr>
          <Nm>BEN6</Nm>
        </Cdtr>
        <CdtrAcct>
          <Id>
            <Othr>
              <Id>OC_B</Id>
              <SchmeNm>
                <Cd>BBAN</Cd>
              </SchmeNm>
            </Othr>
          </Id>
        </CdtrAcct>
        <Purp>
          <Prtry>SUPP</Prtry>
        </Purp>
        <RmtInf>
          <Ustrd>REMITTANCE6</Ustrd>
        </RmtInf>
      </CdtTrfTxInf>
      <CdtTrfTxInf>
        <PmtId>
          <InstrId>TR7REF7</InstrId>
          <EndToEndId>TR7REF7</EndToEndId>
        </PmtId>
        <Amt>
          <InstdAmt Ccy="USD">1</InstdAmt>
        </Amt>
        <CdtrAgt>
          <FinInstnId>
            <BIC>AUDBLBBXXXX</BIC>
          </FinInstnId>
        </CdtrAgt>
        <Cdtr>
          <Nm>BEN7</Nm>
        </Cdtr>
        <CdtrAcct>
          <Id>
            <Othr>
              <Id>OC_B</Id>
              <SchmeNm>
                <Cd>BBAN</Cd>
              </SchmeNm>
            </Othr>
          </Id>
        </CdtrAcct>
        <Purp>
          <Prtry>SUPP</Prtry>
        </Purp>
        <RmtInf>
          <Ustrd>REMITTANCE7</Ustrd>
        </RmtInf>
      </CdtTrfTxInf>
    </PmtInf>
  </CstmrCdtTrfInitn>
</Document>