<?xml version="1.0" encoding="utf-8"?>
<Document xmlns:xsi="http://www.w3.org/2001/XMLSchema-instance" xmlns:xsd="http://www.w3.org/2001/XMLSchema" xmlns="urn:iso:std:iso:20022:tech:xsd:pain.001.001.03">
  <CstmrCdtTrfInitn>
    <GrpHdr>
      <MsgId>APRIL03PAYMENT</MsgId>
      <CreDtTm>2020-01-20T16:07:48.0535668+02:00</CreDtTm>
      <NbOfTxs>5</NbOfTxs>
      <InitgPty>
        <Nm>Test</Nm>
        <Id>
          <OrgId>
            <Othr>
              <Id>OrgID</Id>
              <SchmeNm>
                <Cd>CUST</Cd>
              </SchmeNm>
            </Othr>
          </OrgId>
        </Id>
      </InitgPty>
    </GrpHdr>
    <PmtInf>
      <PmtInfId>APRIL03PAYMENT</PmtInfId>
      <PmtMtd>TRF</PmtMtd>
      <BtchBookg>false</BtchBookg>
      <NbOfTxs>1</NbOfTxs>
      <CtrlSum>1000</CtrlSum>
      <PmtTpInf>
      <InstrPrty>NORM</InstrPrty>
      </PmtTpInf>
      <ReqdExctnDt>2020-01-20</ReqdExctnDt>
	  
      <Dbtr>
        <Nm>TREASURYXPRESS FASHIONISTA</Nm>
      </Dbtr>
      <DbtrAcct>
        <Id>
          <Othr>
            <Id>CHASE5678943</Id>
            <SchmeNm>
              <Cd>BBAN</Cd>
            </SchmeNm>
          </Othr>
        </Id>
        <Ccy>MXN</Ccy>
      </DbtrAcct>
      <DbtrAgt>
        <FinInstnId>
          <BIC>BNMXMXMMXXX</BIC>
        </FinInstnId>
      </DbtrAgt>
      <CdtTrfTxInf>
        <PmtId>
          <InstrId>REFERENCE04</InstrId>
          <EndToEndId>REFERENCE04</EndToEndId>
        </PmtId>
        <Amt>
          <InstdAmt Ccy="EUR">100</InstdAmt>
        </Amt>
        <CdtrAgt>
          <FinInstnId>
            <BIC>Testbank</BIC>
          </FinInstnId>
        </CdtrAgt>
        <Cdtr>
          <Nm>TestTest</Nm>
        </Cdtr>
        <CdtrAcct>
          <Id>
            <Othr>
              <Id>DE43320700800244378600</Id>
              <SchmeNm>
                <Cd>BBAN</Cd>
              </SchmeNm>
            </Othr>
          </Id>
        </CdtrAcct>
        <Purp>
          <Prtry>SUPP</Prtry>
        </Purp>
        <RmtInf>
          <Ustrd>REMITTANCE1</Ustrd>
        </RmtInf>
      </CdtTrfTxInf>
	  
	   <CdtTrfTxInf>
        <PmtId>
          <InstrId>REFERENCE05</InstrId>
          <EndToEndId>REFERENCE05</EndToEndId>
        </PmtId>
        <Amt>
          <InstdAmt Ccy="EUR">200</InstdAmt>
        </Amt>
        <CdtrAgt>
          <FinInstnId>
            <BIC>Testbank</BIC>
          </FinInstnId>
        </CdtrAgt>
        <Cdtr>
          <Nm>TestTest</Nm>
        </Cdtr>
        <CdtrAcct>
          <Id>
            <Othr>
              <Id>0000000025066566</Id>
              <SchmeNm>
                <Cd>BBAN</Cd>
              </SchmeNm>
            </Othr>
          </Id>
        </CdtrAcct>
        <Purp>
          <Prtry>SUPP</Prtry>
        </Purp>
        <RmtInf>
          <Ustrd>REMITTANCE2</Ustrd>
        </RmtInf>
      </CdtTrfTxInf>

  <CdtTrfTxInf>
        <PmtId>
          <InstrId>REFERENCE06</InstrId>
          <EndToEndId>REFERENCE06</EndToEndId>
        </PmtId>
        <Amt>
          <InstdAmt Ccy="USD">50</InstdAmt>
        </Amt>
        <CdtrAgt>
          <FinInstnId>
            <BIC>88889999</BIC>
          </FinInstnId>
        </CdtrAgt>
        <Cdtr>
          <Nm>160216021602 beneficiary</Nm>
        </Cdtr>
        <CdtrAcct>
          <Id>
            <Othr>
              <Id>1602160216021602</Id>
              <SchmeNm>
                <Cd>BBAN</Cd>
              </SchmeNm>
            </Othr>
          </Id>
        </CdtrAcct>
        <Purp>
          <Prtry>SUPP</Prtry>
        </Purp>
        <RmtInf>
          <Ustrd>REMITTANCE1</Ustrd>
        </RmtInf>
      </CdtTrfTxInf>
    </PmtInf>
  </CstmrCdtTrfInitn>
</Document>